@incollection{mislevy2017evidence,
  title={Evidence-centered assessment design},
  author={Mislevy, Robert J and Haertel, Geneva and Riconscente, Michelle and Rutstein, Daisy Wise and Ziker, Cindy},
  booktitle={Assessing model-based reasoning using evidence-centered design},
  pages={19--24},
  year={2017},
  publisher={Springer}
}

@article{mislevy2003focus,
  title={Focus article: On the structure of educational assessments},
  author={Mislevy, Robert J and Steinberg, Linda S and Almond, Russell G},
  journal={Measurement: Interdisciplinary research and perspectives},
  volume={1},
  number={1},
  pages={3--62},
  year={2003},
  publisher={Taylor \& Francis}
}

@article{donahue2019lakhnes,
  title   = {LakhNES: Improving multi-instrumental music generation with cross-domain pre-training},
  author  = {Donahue, Chris and Mao, Huanru Henry and Li, Yiting Ethan and Cottrell, Garrison W and McAuley, Julian},
  journal = {arXiv preprint arXiv:1907.04868},
  year    = {2019}
}

@article{donahue2019lakhnes,
  title   = {LakhNES: Improving multi-instrumental music generation with cross-domain pre-training},
  author  = {Donahue, Chris and Mao, Huanru Henry and Li, Yiting Ethan and Cottrell, Garrison W and McAuley, Julian},
  journal = {arXiv preprint arXiv:1907.04868},
  year    = {2019}
}

@inproceedings{1030094,
  author    = {D. {Eck} and J. {Schmidhuber}},
  booktitle = {Proceedings of the 12th IEEE Workshop on Neural Networks for Signal Processing},
  title     = {Finding temporal structure in music: blues improvisation with LSTM recurrent networks},
  year      = {2002},
  volume    = {},
  number    = {},
  pages     = {747-756}
}

@inproceedings{dai2019transformer,
  title     = {Transformer-XL: Attentive Language Models beyond a Fixed-Length Context},
  author    = {Dai, Zihang and Yang, Zhilin and Yang, Yiming and Carbonell, Jaime G and Le, Quoc and Salakhutdinov, Ruslan},
  booktitle = {Proceedings of the 57th Annual Meeting of the Association for Computational Linguistics},
  pages     = {2978--2988},
  year      = {2019}
}

@misc{dai2019transformerxl,
  title         = {Transformer-XL: Attentive Language Models Beyond a Fixed-Length Context},
  author        = {Zihang Dai and Zhilin Yang and Yiming Yang and Jaime Carbonell and Quoc V. Le and Ruslan Salakhutdinov},
  year          = {2019},
  eprint        = {1901.02860},
  archiveprefix = {arXiv},
  primaryclass  = {cs.LG}
}

@inproceedings{eck2002bluesLSTM,
  title        = {Finding temporal structure in music: Blues improvisation with LSTM recurrent networks},
  author       = {Eck, Douglas and Schmidhuber, Juergen},
  booktitle    = {Proceedings of the 12th IEEE workshop on neural networks for signal processing},
  pages        = {747--756},
  year         = {2002},
  organization = {IEEE}
}

@book{FreeJazz,
  publisher = {Oxford University Press},
  author    = {Free Jazz.},
  title     = {{Oxford Languages}},
  year      = {September 2020},
  note      = {Accessed 2 October 2020}
}

@misc{gan2020foley,
  title         = {Foley Music: Learning to Generate Music from Videos},
  author        = {Chuang Gan and Deng Huang and Peihao Chen and Joshua B. Tenenbaum and Antonio Torralba},
  year          = {2020},
  eprint        = {2007.10984},
  archiveprefix = {arXiv},
  primaryclass  = {cs.CV}
}

@article{giraud2015computational,
  title     = {Computational fugue analysis},
  author    = {Giraud, Mathieu and Groult, Richard and Leguy, Emmanuel and Lev{\'e}, Florence},
  journal   = {Computer Music Journal},
  volume    = {39},
  number    = {2},
  pages     = {77--96},
  year      = {2015},
  publisher = {MIT Press}
}

@article{hennion1983production,
  title     = {The production of success: an anti-musicology of the pop song},
  author    = {Hennion, Antoine},
  journal   = {Popular Music},
  volume    = {3},
  pages     = {159--193},
  year      = {1983},
  publisher = {Cambridge University Press}
}

@inproceedings{huang2018music,
  title     = {Music transformer: Generating music with long-term structure},
  author    = {Huang, Cheng-Zhi Anna and Vaswani, Ashish and Uszkoreit, Jakob and Simon, Ian and Hawthorne, Curtis and Shazeer, Noam and Dai, Andrew M and Hoffman, Matthew D and Dinculescu, Monica and Eck, Douglas},
  booktitle = {International Conference on Learning Representations},
  year      = {2018}
}

@article{huang2020pop,
  title   = {Pop music transformer: Generating music with rhythm and harmony},
  author  = {Huang, Yu-Siang and Yang, Yi-Hsuan},
  journal = {arXiv preprint arXiv:2002.00212},
  year    = {2020}
}

@inproceedings{kitaev2019reformer,
  title     = {Reformer: The Efficient Transformer},
  author    = {Kitaev, Nikita and Kaiser, Lukasz and Levskaya, Anselm},
  booktitle = {International Conference on Learning Representations},
  year      = {2019}
}

@misc{kitaev2020reformer,
  title         = {Reformer: The Efficient Transformer},
  author        = {Nikita Kitaev and ≈Åukasz Kaiser and Anselm Levskaya},
  year          = {2020},
  eprint        = {2001.04451},
  archiveprefix = {arXiv},
  primaryclass  = {cs.LG}
}
@misc{libcong,
  author    = {American Folklife Center},
  title     = {Folk Music and Song},
  url       = {\url{https://www.loc.gov/folklife/guide/folkmusicandsong.html}},
  note      = {Accessed 2 October 2020},
  publisher = {Library of Congress}
}

@inproceedings{maestrodataset,
  title     = {Enabling Factorized Piano Music Modeling and Generation with the {MAESTRO} Dataset},
  author    = {Curtis Hawthorne and Andriy Stasyuk and Adam Roberts and Ian Simon and Cheng-Zhi Anna Huang and Sander Dieleman and Erich Elsen and Jesse Engel and Douglas Eck},
  booktitle = {International Conference on Learning Representations},
  year      = {2019},
  url       = {https://openreview.net/forum?id=r1lYRjC9F7}
}

@inproceedings{vaswani2017attention,
  title     = {Attention is all you need},
  author    = {Vaswani, Ashish and Shazeer, Noam and Parmar, Niki and Uszkoreit, Jakob and Jones, Llion and Gomez, Aidan N and Kaiser, {\L}ukasz and Polosukhin, Illia},
  booktitle = {Advances in neural information processing systems},
  pages     = {5998--6008},
  year      = {2017}
}

@article{wu2020jazz,
  title   = {The Jazz Transformer on the Front Line: Exploring the Shortcomings of AI-composed Music through Quantitative Measures},
  author  = {Wu, Shih-Lun and Yang, Yi-Hsuan},
  journal = {arXiv preprint arXiv:2008.01307},
  year    = {2020}
}

@article{yang2020evaluation,
  title     = {On the evaluation of generative models in music},
  author    = {Yang, Li-Chia and Lerch, Alexander},
  journal   = {Neural Computing and Applications},
  volume    = {32},
  number    = {9},
  pages     = {4773--4784},
  year      = {2020},
  publisher = {Springer}
}

@ARTICLE{7404017,
  author={H. {Shin} and H. R. {Roth} and M. {Gao} and L. {Lu} and Z. {Xu} and I. {Nogues} and J. {Yao} and D. {Mollura} and R. M. {Summers}},
  journal={IEEE Transactions on Medical Imaging}, 
  title={Deep Convolutional Neural Networks for Computer-Aided Detection: CNN Architectures, Dataset Characteristics and Transfer Learning}, 
  year={2016},
  volume={35},
  number={5},
  pages={1285-1298},
  doi={10.1109/TMI.2016.2528162}}

  @online{musicautobot,
    author = "Andrew Shaw",
    title = "MusicAutobot",
    url  = "https://github.com/bearpelican/musicautobot",
    addendum = "(accessed: 13.11.2020)",
    keywords = "music transformer"
}